<record><leader>00000cas a22000007a 4500</leader><controlfield tag="001">33896697</controlfield><controlfield tag="008">951213d19181999sduwr ne      0    0eng d</controlfield><datafield ind1=" " ind2=" " tag="010"><subfield code="a">sn 95076612 </subfield></datafield><datafield ind1=" " ind2=" " tag="040"><subfield code="a">SXN</subfield><subfield code="b">eng</subfield><subfield code="c">SXN</subfield><subfield code="d">OCLCQ</subfield><subfield code="d">OCLCF</subfield><subfield code="d">OCLCO</subfield></datafield><datafield ind1="1" ind2=" " tag="029"><subfield code="a">AU@</subfield><subfield code="b">000012176643</subfield></datafield><datafield ind1=" " ind2=" " tag="042"><subfield code="a">msc</subfield></datafield><datafield ind1=" " ind2=" " tag="043"><subfield code="a">n-us-sd</subfield></datafield><datafield ind1="0" ind2=" " tag="130"><subfield code="a">McLaughlin messenger (McLaughlin, S.D. : 1918)</subfield></datafield><datafield ind1="1" ind2="0" tag="245"><subfield code="a">McLaughlin messenger.</subfield></datafield><datafield ind1=" " ind2=" " tag="260"><subfield code="a">McLaughlin, Corson County, S.D. :</subfield><subfield code="b">C. Christenson</subfield></datafield><datafield ind1=" " ind2=" " tag="300"><subfield code="a">v.</subfield></datafield><datafield ind1=" " ind2=" " tag="310"><subfield code="a">Weekly</subfield></datafield><datafield ind1="0" ind2=" " tag="362"><subfield code="a">Vol. 3, no. 32 (May 10, 1918)-v. 84, no. 10 (Nov. 25, 1999).</subfield></datafield><datafield ind1=" " ind2=" " tag="530"><subfield code="a">Available on microfilm from: State Archives, South Dakota State Historical Society.</subfield></datafield><datafield ind1=" " ind2=" " tag="580"><subfield code="a">Merged with: Corson County news, to form; Corson/Sioux County messenger.</subfield></datafield><datafield ind1="2" ind2="0" tag="610"><subfield code="a">Standing Rock Sioux Tribe.</subfield></datafield><datafield ind1=" " ind2="0" tag="651"><subfield code="a">McLaughlin (S.D.)</subfield><subfield code="v">Newspapers.</subfield></datafield><datafield ind1=" " ind2="0" tag="651"><subfield code="a">Corson County (S.D.)</subfield><subfield code="v">Newspapers.</subfield></datafield><datafield ind1=" " ind2="7" tag="655"><subfield code="a">Newspapers.</subfield><subfield code="2">fast</subfield><subfield code="0">(OCoLC)fst01423814</subfield></datafield><datafield ind1="2" ind2="7" tag="610"><subfield code="a">Standing Rock Sioux Tribe of North &amp; South Dakota.</subfield><subfield code="2">fast</subfield><subfield code="0">(OCoLC)fst01713292</subfield></datafield><datafield ind1=" " ind2="7" tag="651"><subfield code="a">South Dakota</subfield><subfield code="z">Corson County.</subfield><subfield code="2">fast</subfield><subfield code="0">(OCoLC)fst01215890</subfield></datafield><datafield ind1=" " ind2="7" tag="651"><subfield code="a">South Dakota</subfield><subfield code="z">McLaughlin.</subfield><subfield code="2">fast</subfield><subfield code="0">(OCoLC)fst01306164</subfield></datafield><datafield ind1=" " ind2=" " tag="752"><subfield code="a">United States</subfield><subfield code="b">South Dakota</subfield><subfield code="c">Corson</subfield><subfield code="d">McLaughlin.</subfield></datafield><datafield ind1="0" ind2="0" tag="780"><subfield code="a">McLaughlin mirror</subfield><subfield code="w">(DLC)sn 95076611</subfield></datafield><datafield ind1="1" ind2="7" tag="785"><subfield code="t">Corson County news</subfield><subfield code="w">(DLC)sn 84007772</subfield></datafield><datafield ind1="1" ind2="7" tag="785"><subfield code="t">Corson/Sioux County messenger</subfield><subfield code="w">(DLC)sn2001063607</subfield></datafield></record>